<record><leader>01766cam a2200469 i 4500</leader><controlfield tag="001">6769148</controlfield><controlfield tag="003">OCoLC</controlfield><controlfield tag="005">20141217172954.0</controlfield><controlfield tag="008">140711s2015    enka     b    001 0 eng  </controlfield><datafield ind1=" " ind2=" " tag="010"><subfield code="a">  2014019601</subfield></datafield><datafield ind1=" " ind2=" " tag="015"><subfield code="a">GBB4A2291</subfield><subfield code="2">bnb</subfield></datafield><datafield ind1="7" ind2=" " tag="016"><subfield code="a">016873176</subfield><subfield code="2">Uk</subfield></datafield><datafield ind1=" " ind2=" " tag="020"><subfield code="a">9781783092512 (hardback : alk. paper)</subfield></datafield><datafield ind1=" " ind2=" " tag="020"><subfield code="a">1783092513 (hardback : alk. paper)</subfield></datafield><datafield ind1=" " ind2=" " tag="020"><subfield code="a">9781783092505 (pbk. : alk. paper)</subfield></datafield><datafield ind1=" " ind2=" " tag="020"><subfield code="a">1783092505 (pbk. : alk. paper)</subfield></datafield><datafield ind1=" " ind2=" " tag="020"><subfield code="z">9781783092529 (pdf)</subfield></datafield><datafield ind1=" " ind2=" " tag="020"><subfield code="z">1783092521 (pdf)</subfield></datafield><datafield ind1=" " ind2=" " tag="040"><subfield code="a">DLC</subfield><subfield code="b">eng</subfield><subfield code="e">rda</subfield><subfield code="c">DLC</subfield><subfield code="d">BTCTA</subfield><subfield code="d">YDXCP</subfield><subfield code="d">OCLCO</subfield><subfield code="d">BDX</subfield><subfield code="d">UKMGB</subfield><subfield code="d">CDX</subfield><subfield code="d">IUL</subfield><subfield code="d">STF</subfield><subfield code="d">UAB</subfield></datafield><datafield ind1=" " ind2=" " tag="042"><subfield code="a">pcc</subfield></datafield><datafield ind1="0" ind2="0" tag="050"><subfield code="a">P120.V37</subfield><subfield code="b">C43 2015</subfield></datafield><datafield ind1="0" ind2="0" tag="082"><subfield code="a">306.44/6</subfield><subfield code="2">23</subfield></datafield><datafield ind1=" " ind2=" " tag="090"><subfield code="a">P 120 V37 C43 2015</subfield><subfield code="b">AEU</subfield></datafield><datafield ind1="0" ind2="0" tag="245"><subfield code="a">Challenging the monolingual mindset /</subfield><subfield code="c">edited by John Hajek and Yvette Slaughter.</subfield></datafield><datafield ind1=" " ind2="1" tag="264"><subfield code="a">Bristol ;</subfield><subfield code="a">Buffalo :</subfield><subfield code="b">Multilingual Matters,</subfield><subfield code="c">[2015]</subfield></datafield><datafield ind1=" " ind2=" " tag="300"><subfield code="a">xiii, 251 pages :</subfield><subfield code="b">illustrations ;</subfield><subfield code="c">24 cm.</subfield></datafield><datafield ind1=" " ind2=" " tag="336"><subfield code="a">text</subfield><subfield code="2">rdacontent</subfield></datafield><datafield ind1=" " ind2=" " tag="337"><subfield code="a">unmediated</subfield><subfield code="2">rdamedia</subfield></datafield><datafield ind1=" " ind2=" " tag="338"><subfield code="a">volume</subfield><subfield code="2">rdacarrier</subfield></datafield><datafield ind1="1" ind2=" " tag="490"><subfield code="a">Multilingual matters ;</subfield><subfield code="v">156</subfield></datafield><datafield ind1=" " ind2=" " tag="504"><subfield code="a">Includes bibliographical references and index.</subfield></datafield><datafield ind1=" " ind2=" " tag="596"><subfield code="a">16 43</subfield></datafield><datafield ind1=" " ind2="0" tag="650"><subfield code="a">Language and languages</subfield><subfield code="x">Variation.</subfield></datafield><datafield ind1=" " ind2="0" tag="650"><subfield code="a">Languages in contact.</subfield></datafield><datafield ind1=" " ind2="0" tag="650"><subfield code="a">Intercultural communication.</subfield></datafield><datafield ind1=" " ind2="0" tag="650"><subfield code="a">Multilingual education.</subfield></datafield><datafield ind1="1" ind2=" " tag="700"><subfield code="a">Hajek, John,</subfield><subfield code="e">editor.</subfield></datafield><datafield ind1="1" ind2=" " tag="700"><subfield code="a">Slaughter, Yvette,</subfield><subfield code="d">1972-</subfield><subfield code="e">editor.</subfield></datafield><datafield ind1=" " ind2="0" tag="830"><subfield code="a">Multilingual matters (Series) ;</subfield><subfield code="v">156.</subfield></datafield><datafield ind1=" " ind2=" " tag="949"><subfield code="a">P 120 V37 C43 2015</subfield><subfield code="c">1</subfield><subfield code="h">UAHS-B</subfield><subfield code="i">0162035211158</subfield></datafield><datafield ind1=" " ind2=" " tag="926"><subfield code="a">P 120 V37 C43 2015</subfield><subfield code="w">LC</subfield><subfield code="c">1</subfield><subfield code="i">0162035211158</subfield><subfield code="l">ON_SHELF</subfield><subfield code="m">UAHSS</subfield><subfield code="p">$150.00</subfield><subfield code="r">Y</subfield><subfield code="s">Y</subfield><subfield code="t">BOOK</subfield><subfield code="u">1/9/2015</subfield></datafield><datafield ind1=" " ind2=" " tag="926"><subfield code="a">P 120 V37 C43 2015</subfield><subfield code="w">LC</subfield><subfield code="c">1</subfield><subfield code="i">0162035232477</subfield><subfield code="l">ON_SHELF</subfield><subfield code="m">UAAUG</subfield><subfield code="p">$150.00</subfield><subfield code="r">Y</subfield><subfield code="s">Y</subfield><subfield code="t">BOOK</subfield><subfield code="u">2/4/2015</subfield></datafield></record>